2232 3674
1095 353 1163 362 ....
1231 323 1302 389 56
1370 354 1437 363 ...-

792 457 1335 516 ETYMOLOGIA
1377 460 1745 515 NOMINIS.

699 682 1033 739 Neminem
1083 680 1278 762 fugit,
1354 682 1655 742 Limze'um
1713 703 1955 761 semper

574 791 662 848 ita
713 794 1130 868 existimasse,
1186 812 1258 853 ut
1310 819 1343 854 a
1383 799 1692 856 Prisciano
1740 798 1955 854 mallet

576 927 766 984 quam
795 928 826 965 a
854 914 1085 967 Natura
1115 912 1382 991 coargui.
1472 918 1687 990 Itaque
1726 911 1804 968 iis
1844 909 1953 987 qui

573 1035 718 1097 post
746 1023 1075 1081 clarissimi
1102 1026 1224 1083 viri
1254 1026 1498 1082 obitum
1539 1027 1612 1083 de
1649 1023 1948 1082 iterandis

575 1132 707 1207 ejus
757 1136 1003 1212 seriptis
1067 1140 1454 1217 cogitarunt,
1525 1140 1692 1196 haud
1754 1158 1949 1216 pauca

573 1249 940 1326 corrigenda
994 1252 1204 1309 rehem
1253 1250 1539 1324 fuerunt,
1595 1253 1663 1309 in
1718 1252 1947 1330 quibus

569 1360 677 1418 ille
708 1377 922 1421 contra
951 1366 1256 1424 sermonIS
1293 1368 1533 1445 regulas
1565 1380 1625 1423 et
1647 1365 1949 1443 loquendi

567 1495 757 1533 usum
797 1493 1168 1554 peccaverat.
1268 1481 1578 1538 Gmelinus
1626 1479 1716 1554 (in
1759 1492 1949 1554 syste-

569 1589 754 1648 matis
799 1605 1054 1650 naturae
1104 1574 1380 1650 editione
1435 1593 1668 1651 decima
1724 1593 1946 1665 tertia,)

571 1703 821 1780 quidem
863 1707 1061 1763 multa
1100 1727 1176 1763 ex
1213 1707 1333 1764 hoc
1371 1728 1622 1786 genere,
1692 1706 1943 1783 quaein

568 1817 784 1875 erratis
815 1833 1046 1889 essent,
1099 1821 1471 1878 emendavit.
1557 1825 1653 1877 De
1680 1820 1943 1896 Paspalo

568 1942 778 1987 tamen
832 1928 1052 2011 effugit
1088 1934 1459 1991 Doctissimi
1498 1933 1631 1992 Viri
1682 1933 1944 2012 diligen-

569 2043 753 2115 tiam,
823 2066 1145 2122 perperam
1203 2067 1234 2104 a
1285 2047 1518 2106 Linne'o
1583 2060 1943 2124 usurpatam

569 2145 766 2215 fuisse
817 2179 1036 2216 vocem
1088 2160 1156 2217 in
1212 2161 1654 2219 terminatione
1703 2175 1941 2218 neutra.

570 2271 753 2348 Quod
833 2292 976 2330 cum
1055 2274 1298 2352 primus
1373 2274 1789 2355 Beclfmannus
1873 2275 1943 2331 in

569 2384 759 2443 lexico
805 2406 861 2462 p.
911 2390 1045 2457 165.
1087 2388 1472 2459 adnotasset,
1533 2408 1651 2446 nos
1692 2408 1943 2467 quoque

569 2498 836 2557 omnino
876 2521 1093 2558 verum
1134 2522 1265 2560 esse
1302 2501 1681 2560 invenimus.
1781 2507 1942 2581 Quo-

568 2611 724 2669 circa
795 2615 961 2671 nulli
1022 2615 1416 2688 dubitamus,
1505 2637 1694 2694 quam
1743 2616 1942 2673 adhuc

569 2725 799 2784 Linne'o
862 2744 1194 2805 praeeunte
1269 2730 1338 2787 in
1406 2735 1645 2788 Neutro
1721 2748 1941 2807 genere

565 2838 853 2905 Botanici
950 2840 1077 2900 fere
1179 2857 1592 2921 usurparunt,
1697 2840 1952 2919 Paspali
