2232 3674
1108 435 1174 446 ··-
1249 417 1348 469 198
1416 436 1482 447 -

608 540 710 598 IV.
759 543 916 596 Cum
951 538 1072 594 hoc
1111 556 1330 616 genere
1371 536 1575 614 quoad
1610 533 1879 594 formam
1920 548 1981 594 et

692 665 1006 708 texturam
1058 650 1375 707 calicis-et
1413 651 1680 707 corollae
1717 650 1984 707 Milium

694 761 960 821 effusum
1027 762 1241 820 Linne'i
1305 763 1601 819 convenit
1615 783 1634 830 3
1711 778 1985 821 attamen

691 890 930 954 praeter
977 874 1470 933 inflorescentiae
1522 876 1857 934 discrimen
1909 897 1983 934 eo

695 987 932 1061 differt,
994 990 1161 1068 quod
1217 992 1447 1047 corolla
1478 1009 1683 1047 semen
1713 968 1986 1048 {estiens

626 1171 631 1175 ,
695 1104 951 1168 decidua
1018 1117 1078 1161 et
1143 1105 1386 1180 glumae
1453 1104 1749 1161 calicinae
1786 1102 1989 1185 ‚flore-

697 1217 967 1275 scentiae
992 1231 1269 1292 tempore
1292 1230 1572 1293 patentes
1601 1237 1716 1273 nec
1745 1218 1987 1274 clausae

626 1368 634 1373 -
696 1344 866 1388 sunt.
958 1329 1354 1387 Lamarclzius
1381 1331 1456 1387 ad
1483 1330 1777 1407 Agrostin
1803 1328 1989 1386 refert

694 1443 1000 1523 (Agrestis
1030 1440 1216 1501 effusa
1243 1451 1416 1501 Lam.
1447 1445 1542 1501 Ill.
1578 1447 1723 1503 Gen.
1761 1445 1902 1502 Vol.
1939 1466 1986 1500 1.

694 1579 756 1635 p.
807 1560 963 1628 160.)
1007 1557 1114 1614 ubi
1151 1539 1360 1614 tamen
1405 1571 1657 1635 propter
1693 1558 1996 1615 corollam

698 1671 1165 1749 cartilagineam
1216 1672 1590 1748 calicemque
1637 1691 1994 1728 convexum

703 1804 819 1842 nec
859 1785 1207 1842 carinatum
1243 1787 1455 1843 locum
1481 1786 1701 1843 habere
1725 1805 1857 1843 non
1885 1805 1995 1862 po-

696 1911 835 1955 test.

618 2015 689 2071 V.
763 2007 1076 2090 suffragor
1154 2011 1567 2069 Willdenowio
1647 2011 1996 2088 suspicanti

698 2125 961 2182 Phleum
989 2124 1502 2181 cochinchinense
1532 2125 1796 2182 Loureir.
1855 2129 1996 2182 Pas-

698 2238 826 2314 pali
855 2238 1123 2314 speciem
1151 2257 1296 2295 esse.
1348 2239 1670 2295 Loureirus
1699 2239 1874 2295 haec:

614 2360 893 2411 P'HLEUM
933 2351 1502 2425 (cochinchinense)
1562 2351 1727 2428 spica
1776 2346 1995 2409 secnn-

702 2465 808 2536 da,
856 2465 1107 2535 lineari,
1158 2466 1385 2544 glabra.

747 2583 1012 2636 Gramen
1071 2594 1140 2657 ρξ-
1178 2612 1200 2621 -
1227 2578 1471 2656 pedale:
1539 2580 1746 2636 culmo
1793 2580 1994 2651 tereti,

621 2692 869 2771 gracili,
901 2668 1240 2751 suberectoi
1310 2692 1480 2777 Folia
1511 2693 1797 2750 subulata
1817 2738 1830 2763 ,
1859 2694 1996 2750 lon-

621 2825 716 2883 ga.
807 2807 982 2883 Spica
1027 2807 1329 2878 secunda,
1384 2807 1678 2883 simpleX,
1717 2807 1992 2876 lineariS‚

620 2918 992 2998 longissima
1011 2967 1026 2994 ‚
1054 2922 1263 3002 glabra
1284 2967 1298 2994 ,
1343 2935 1569 2980 erecta:
1611 2920 1999 2999 receptaculo
