<?xml version="1.0" encoding="UTF-8"?>
<!DOCTYPE html PUBLIC "-//W3C//DTD XHTML 1.0 Transitional//EN"
    "http://www.w3.org/TR/xhtml1/DTD/xhtml1-transitional.dtd">
<html xmlns="http://www.w3.org/1999/xhtml" xml:lang="en" lang="en">
 <head>
  <title>
</title>
<meta http-equiv="Content-Type" content="text/html;charset=utf-8" />
  <meta name='ocr-system' content='tesseract 3.04.00' />
  <meta name='ocr-capabilities' content='ocr_page ocr_carea ocr_par ocr_line ocrx_word'/>
</head>
<body>
  <div class='ocr_page' id='page_1' title='image "./graminummonograp00fl_0085.png"; bbox 0 0 2232 3674; ppageno 0'>
   <div class='ocr_carea' id='block_1_1' title="bbox 217 516 1642 3062">
    <p class='ocr_par' dir='ltr' id='par_1_1' title="bbox 487 516 1310 573">
     <span class='ocr_line' id='line_1_1' title="bbox 487 516 1310 573; baseline -0.004 0"><span class='ocrx_word' id='word_1_1' title='bbox 487 516 1310 573; x_wconf 87' lang='lat' dir='ltr'><strong>OBSERVATIONES.</strong></span> 
     </span>
    </p>

    <p class='ocr_par' dir='ltr' id='par_1_2' title="bbox 217 626 1601 707">
     <span class='ocr_line' id='line_1_2' title="bbox 217 626 1601 707; baseline 0.002 -21"><span class='ocrx_word' id='word_1_2' title='bbox 217 635 264 689; x_wconf 91' lang='grc' dir='ltr'>Ι.</span> <span class='ocrx_word' id='word_1_3' title='bbox 311 630 642 703; x_wconf 71' lang='lat' dir='ltr'>Exemplar</span> <span class='ocrx_word' id='word_1_4' title='bbox 710 626 897 699; x_wconf 79' lang='lat' dir='ltr'>huius</span> <span class='ocrx_word' id='word_1_5' title='bbox 968 626 1225 707; x_wconf 77' lang='lat' dir='ltr'>speciei,</span> <span class='ocrx_word' id='word_1_6' title='bbox 1316 628 1486 705; x_wconf 88' lang='lat' dir='ltr'>quod</span> <span class='ocrx_word' id='word_1_7' title='bbox 1565 651 1601 689; x_wconf 83' lang='lat' dir='ltr'>a</span> 
     </span>
    </p>

    <p class='ocr_par' dir='ltr' id='par_1_3' title="bbox 271 741 1605 1592">
     <span class='ocr_line' id='line_1_3' title="bbox 301 741 1599 822; baseline 0.002 -24"><span class='ocrx_word' id='word_1_8' title='bbox 301 741 705 802; x_wconf 68' lang='lat' dir='ltr'>Humboldtio</span> <span class='ocrx_word' id='word_1_9' title='bbox 799 754 859 796; x_wconf 84' lang='lat' dir='ltr'>et</span> <span class='ocrx_word' id='word_1_10' title='bbox 955 741 1320 818; x_wconf 79' lang='lat' dir='ltr'>Bonplando</span> <span class='ocrx_word' id='word_1_11' title='bbox 1412 763 1599 822; x_wconf 82' lang='lat' dir='ltr'>prope</span> 
     </span>
     <span class='ocr_line' id='line_1_4' title="bbox 300 854 1596 932; baseline 0.001 -19"><span class='ocrx_word' id='word_1_12' title='bbox 300 855 649 932; x_wconf 69' lang='lat' dir='ltr'>Guayaquil</span> <span class='ocrx_word' id='word_1_13' title='bbox 729 867 1041 929; x_wconf 82' lang='lat' dir='ltr'><strong>repertum</strong></span> <span class='ocrx_word' id='word_1_14' title='bbox 1141 854 1210 909; x_wconf 85' lang='lat' dir='ltr'>in</span> <span class='ocrx_word' id='word_1_15' title='bbox 1291 857 1596 914; x_wconf 85' lang='lat' dir='ltr'>Herbario</span> 
     </span>
     <span class='ocr_line' id='line_1_5' title="bbox 312 967 1601 1036; baseline -0.001 -8"><span class='ocrx_word' id='word_1_16' title='bbox 312 968 807 1029; x_wconf 68' lang='lat' dir='ltr'>PVzlldenowiano</span> <span class='ocrx_word' id='word_1_17' title='bbox 857 980 1090 1036; x_wconf 83' lang='lat' dir='ltr'>exstat,</span> <span class='ocrx_word' id='word_1_18' title='bbox 1166 967 1240 1023; x_wconf 83' lang='lat' dir='ltr'>ab</span> <span class='ocrx_word' id='word_1_19' title='bbox 1294 969 1601 1027; x_wconf 81' lang='lat' dir='ltr'>hortensi-</span> 
     </span>
     <span class='ocr_line' id='line_1_6' title="bbox 271 1077 1605 1156; baseline 0 -15"><span class='ocrx_word' id='word_1_20' title='bbox 271 1084 420 1141; x_wconf 88' lang='lat' dir='ltr'><strong>·bus</strong></span> <span class='ocrx_word' id='word_1_21' title='bbox 472 1077 677 1138; x_wconf 82' lang='lat' dir='ltr'>differt</span> <span class='ocrx_word' id='word_1_22' title='bbox 729 1079 984 1156; x_wconf 84' lang='lat' dir='ltr'>spiculis</span> <span class='ocrx_word' id='word_1_23' title='bbox 1028 1078 1268 1143; x_wconf 47' lang='lat' dir='ltr'>‚albidis</span> <span class='ocrx_word' id='word_1_24' title='bbox 1325 1096 1384 1138; x_wconf 89' lang='lat' dir='ltr'>et</span> <span class='ocrx_word' id='word_1_25' title='bbox 1426 1082 1605 1141; x_wconf 84' lang='lat' dir='ltr'>dimi-</span> 
     </span>
     <span class='ocr_line' id='line_1_7' title="bbox 305 1193 1599 1270; baseline 0.002 -18"><span class='ocrx_word' id='word_1_26' title='bbox 305 1197 471 1253; x_wconf 79' lang='lat' dir='ltr'>diam</span> <span class='ocrx_word' id='word_1_27' title='bbox 507 1213 696 1270; x_wconf 81' lang='lat' dir='ltr'>prope</span> <span class='ocrx_word' id='word_1_28' title='bbox 724 1207 956 1270; x_wconf 80' lang='lat' dir='ltr'>partem</span> <span class='ocrx_word' id='word_1_29' title='bbox 987 1193 1395 1252; x_wconf 82' lang='lat' dir='ltr'>brevioribus.</span> <span class='ocrx_word' id='word_1_30' title='bbox 1459 1198 1599 1254; x_wconf 87' lang='lat' dir='ltr'>Cul-</span> 
     </span>
     <span class='ocr_line' id='line_1_8' title="bbox 304 1306 1603 1384; baseline 0.002 -19"><span class='ocrx_word' id='word_1_31' title='bbox 304 1323 477 1365; x_wconf 76' lang='lat' dir='ltr'><strong>turae</strong></span> <span class='ocrx_word' id='word_1_32' title='bbox 515 1307 731 1384; x_wconf 86' lang='lat' dir='ltr'>procul</span> <span class='ocrx_word' id='word_1_33' title='bbox 772 1306 962 1363; x_wconf 83' lang='lat' dir='ltr'>dubio</span> <span class='ocrx_word' id='word_1_34' title='bbox 1026 1327 1271 1383; x_wconf 82' lang='lat' dir='ltr'>quoque</span> <span class='ocrx_word' id='word_1_35' title='bbox 1325 1309 1603 1367; x_wconf 86' lang='lat' dir='ltr'>tribuen-</span> 
     </span>
     <span class='ocr_line' id='line_1_9' title="bbox 306 1417 1601 1496; baseline 0.002 -17"><span class='ocrx_word' id='word_1_36' title='bbox 306 1423 453 1480; x_wconf 84' lang='lat' dir='ltr'>dum</span> <span class='ocrx_word' id='word_1_37' title='bbox 481 1435 601 1490; x_wconf 87' lang='lat' dir='ltr'><strong>est,</strong></span> <span class='ocrx_word' id='word_1_38' title='bbox 648 1420 816 1496; x_wconf 85' lang='lat' dir='ltr'>quod</span> <span class='ocrx_word' id='word_1_39' title='bbox 841 1417 1057 1476; x_wconf 80' lang='lat' dir='ltr'>infima</span> <span class='ocrx_word' id='word_1_40' title='bbox 1086 1420 1252 1496; x_wconf 83' lang='lat' dir='ltr'>spica</span> <span class='ocrx_word' id='word_1_41' title='bbox 1281 1421 1601 1482; x_wconf 87' lang='lat' dir='ltr'>interdum</span> 
     </span>
     <span class='ocr_line' id='line_1_10' title="bbox 305 1533 869 1592; baseline -0.007 0"><span class='ocrx_word' id='word_1_42' title='bbox 305 1554 548 1592; x_wconf 82' lang='lat' dir='ltr'>ramosa</span> <span class='ocrx_word' id='word_1_43' title='bbox 589 1533 869 1590; x_wconf 81' lang='lat' dir='ltr'>occurrit.</span> 
     </span>
    </p>

    <p class='ocr_par' dir='ltr' id='par_1_4' title="bbox 222 1648 1642 1837">
     <span class='ocr_line' id='line_1_11' title="bbox 222 1648 1642 1728; baseline -0.001 -21"><span class='ocrx_word' id='word_1_44' title='bbox 222 1651 304 1708; x_wconf 89' lang='lat'>11.</span> <span class='ocrx_word' id='word_1_45' title='bbox 354 1654 649 1706; x_wconf 83' lang='lat' dir='ltr'>Auctores</span> <span class='ocrx_word' id='word_1_46' title='bbox 669 1648 1278 1703; x_wconf 82' lang='lat' dir='ltr'>FloraePeruvianae</span> <span class='ocrx_word' id='word_1_47' title='bbox 1304 1650 1604 1728; x_wconf 76' lang='lat' dir='ltr'><strong>(pag.43.)</strong></span> <span class='ocrx_word' id='word_1_48' title='bbox 1639 1670 1642 1671; x_wconf 45' lang='lat'><em>⁷</em></span> 
     </span>
     <span class='ocr_line' id='line_1_12' title="bbox 309 1758 1607 1837; baseline 0.002 -19"><span class='ocrx_word' id='word_1_49' title='bbox 309 1762 382 1818; x_wconf 86' lang='lat' dir='ltr'>de</span> <span class='ocrx_word' id='word_1_50' title='bbox 434 1762 554 1816; x_wconf 87' lang='lat' dir='ltr'>hoc</span> <span class='ocrx_word' id='word_1_51' title='bbox 605 1759 884 1837; x_wconf 79' lang='lat' dir='ltr'>gramine</span> <span class='ocrx_word' id='word_1_52' title='bbox 945 1758 1211 1815; x_wconf 84' lang='lat' dir='ltr'>addunt:</span> <span class='ocrx_word' id='word_1_53' title='bbox 1279 1765 1448 1819; x_wconf 85' lang='lat' dir='ltr'>Haec</span> <span class='ocrx_word' id='word_1_54' title='bbox 1487 1763 1607 1820; x_wconf 89' lang='lat' dir='ltr'>uti-</span> 
     </span>
    </p>

    <p class='ocr_par' dir='ltr' id='par_1_5' title="bbox 230 1849 1616 2741">
     <span class='ocr_line' id='line_1_13' title="bbox 230 1849 1611 1949; baseline 0.001 -17"><span class='ocrx_word' id='word_1_55' title='bbox 230 1878 235 1893; x_wconf 75' lang='lat'><strong>²</strong></span> <span class='ocrx_word' id='word_1_56' title='bbox 307 1849 545 1932; x_wconf 82' lang='lat' dir='ltr'>lissima</span> <span class='ocrx_word' id='word_1_57' title='bbox 610 1874 856 1949; x_wconf 80' lang='lat' dir='ltr'>planta,</span> <span class='ocrx_word' id='word_1_58' title='bbox 928 1891 1085 1948; x_wconf 83' lang='lat' dir='ltr'>quae</span> <span class='ocrx_word' id='word_1_59' title='bbox 1154 1875 1611 1949; x_wconf 80' lang='lat' dir='ltr'>praestantissi-</span> 
     </span>
     <span class='ocr_line' id='line_1_14' title="bbox 309 1984 1608 2064; baseline 0.002 -20"><span class='ocrx_word' id='word_1_60' title='bbox 309 2008 490 2045; x_wconf 85' lang='lat' dir='ltr'>mum</span> <span class='ocrx_word' id='word_1_61' title='bbox 560 1986 863 2063; x_wconf 80' lang='lat' dir='ltr'>pabulum</span> <span class='ocrx_word' id='word_1_62' title='bbox 931 1984 1158 2042; x_wconf 84' lang='lat' dir='ltr'>belluis</span> <span class='ocrx_word' id='word_1_63' title='bbox 1230 1988 1608 2064; x_wconf 78' lang='lat' dir='ltr'>suppeditat,</span> 
     </span>
     <span class='ocr_line' id='line_1_15' title="bbox 310 2099 1612 2177; baseline 0.002 -20"><span class='ocrx_word' id='word_1_64' title='bbox 310 2101 477 2157; x_wconf 84' lang='lat' dir='ltr'>inter</span> <span class='ocrx_word' id='word_1_65' title='bbox 505 2113 740 2177; x_wconf 80' lang='lat' dir='ltr'><strong>segetes</strong></span> <span class='ocrx_word' id='word_1_66' title='bbox 766 2099 1015 2168; x_wconf 84' lang='lat' dir='ltr'>Limae,</span> <span class='ocrx_word' id='word_1_67' title='bbox 1067 2099 1384 2175; x_wconf 80' lang='lat' dir='ltr'>Chancay‚</span> <span class='ocrx_word' id='word_1_68' title='bbox 1443 2107 1612 2161; x_wconf 88' lang='lat' dir='ltr'>Hua-</span> 
     </span>
     <span class='ocr_line' id='line_1_16' title="bbox 311 2211 1615 2294; baseline 0.002 -24"><span class='ocrx_word' id='word_1_69' title='bbox 311 2214 463 2271; x_wconf 84' lang='lat' dir='ltr'>nuci</span> <span class='ocrx_word' id='word_1_70' title='bbox 502 2213 840 2294; x_wconf 71' lang='lat' dir='ltr'>ceterisque</span> <span class='ocrx_word' id='word_1_71' title='bbox 878 2211 1034 2269; x_wconf 88' lang='lat' dir='ltr'>locis</span> <span class='ocrx_word' id='word_1_72' title='bbox 1076 2212 1290 2269; x_wconf 83' lang='lat' dir='ltr'>calidis</span> <span class='ocrx_word' id='word_1_73' title='bbox 1332 2227 1389 2270; x_wconf 82' lang='lat' dir='ltr'>et</span> <span class='ocrx_word' id='word_1_74' title='bbox 1430 2217 1615 2273; x_wconf 80' lang='lat' dir='ltr'>mari-</span> 
     </span>
     <span class='ocr_line' id='line_1_17' title="bbox 312 2325 1615 2404; baseline 0.002 -21"><span class='ocrx_word' id='word_1_75' title='bbox 312 2327 484 2384; x_wconf 86' lang='lat' dir='ltr'>timis</span> <span class='ocrx_word' id='word_1_76' title='bbox 524 2326 687 2382; x_wconf 83' lang='lat' dir='ltr'>inter</span> <span class='ocrx_word' id='word_1_77' title='bbox 713 2325 1026 2383; x_wconf 82' lang='lat' dir='ltr'>Medicam</span> <span class='ocrx_word' id='word_1_78' title='bbox 1069 2325 1336 2384; x_wconf 79' lang='lat' dir='ltr'>sativam</span> <span class='ocrx_word' id='word_1_79' title='bbox 1364 2329 1615 2404; x_wconf 86' lang='lat' dir='ltr'>copiose</span> 
     </span>
     <span class='ocr_line' id='line_1_18' title="bbox 316 2439 1615 2516; baseline 0 -19"><span class='ocrx_word' id='word_1_80' title='bbox 316 2439 533 2497; x_wconf 85' lang='lat' dir='ltr'>crescit</span> <span class='ocrx_word' id='word_1_81' title='bbox 551 2483 565 2508; x_wconf 89' lang='lat'><strong>,</strong></span> <span class='ocrx_word' id='word_1_82' title='bbox 606 2439 817 2516; x_wconf 84' lang='lat' dir='ltr'>ibique</span> <span class='ocrx_word' id='word_1_83' title='bbox 843 2452 933 2495; x_wconf 85' lang='lat' dir='ltr'>ter</span> <span class='ocrx_word' id='word_1_84' title='bbox 957 2439 1034 2495; x_wconf 81' lang='lat' dir='ltr'>ad</span> <span class='ocrx_word' id='word_1_85' title='bbox 1064 2459 1298 2495; x_wconf 84' lang='lat' dir='ltr'>annum</span> <span class='ocrx_word' id='word_1_86' title='bbox 1324 2441 1581 2497; x_wconf 86' lang='lat' dir='ltr'>metitur</span> <span class='ocrx_word' id='word_1_87' title='bbox 1595 2462 1615 2510; x_wconf 78' lang='lat'><em>3</em></span> 
     </span>
     <span class='ocr_line' id='line_1_19' title="bbox 319 2552 1616 2634; baseline 0.005 -28"><span class='ocrx_word' id='word_1_88' title='bbox 319 2566 695 2630; x_wconf 84' lang='lat' dir='ltr'>quapropter</span> <span class='ocrx_word' id='word_1_89' title='bbox 734 2572 842 2627; x_wconf 83' lang='lat' dir='ltr'>per</span> <span class='ocrx_word' id='word_1_90' title='bbox 881 2555 1195 2627; x_wconf 80' lang='lat' dir='ltr'>Europam</span> <span class='ocrx_word' id='word_1_91' title='bbox 1235 2552 1314 2608; x_wconf 80' lang='lat' dir='ltr'>ad</span> <span class='ocrx_word' id='word_1_92' title='bbox 1363 2554 1616 2634; x_wconf 79' lang='lat' dir='ltr'>eosdem</span> 
     </span>
     <span class='ocr_line' id='line_1_20' title="bbox 317 2664 1144 2741; baseline -0.001 -20"><span class='ocrx_word' id='word_1_93' title='bbox 317 2684 470 2723; x_wconf 89' lang='lat' dir='ltr'><strong>usus</strong></span> <span class='ocrx_word' id='word_1_94' title='bbox 499 2664 828 2741; x_wconf 78' lang='lat' dir='ltr'>propagari</span> <span class='ocrx_word' id='word_1_95' title='bbox 857 2678 1144 2720; x_wconf 77' lang='lat' dir='ltr'><strong>meretur.</strong></span> 
     </span>
    </p>

    <p class='ocr_par' dir='ltr' id='par_1_6' title="bbox 401 2776 1619 3062">
     <span class='ocr_line' id='line_1_21' title="bbox 401 2776 1619 2859; baseline 0.003 -24"><span class='ocrx_word' id='word_1_96' title='bbox 401 2776 742 2852; x_wconf 82' lang='lat' dir='ltr'>Hispanice</span> <span class='ocrx_word' id='word_1_97' title='bbox 805 2778 1117 2850; x_wconf 63' lang='lat' dir='ltr'>maizuh),</span> <span class='ocrx_word' id='word_1_98' title='bbox 1168 2777 1236 2834; x_wconf 79' lang='lat' dir='ltr'>id</span> <span class='ocrx_word' id='word_1_99' title='bbox 1292 2793 1382 2837; x_wconf 87' lang='lat' dir='ltr'>est</span> <span class='ocrx_word' id='word_1_100' title='bbox 1429 2800 1619 2859; x_wconf 77' lang='lat' dir='ltr'>parva</span> 
     </span>
     <span class='ocr_line' id='line_1_22' title="bbox 513 2894 655 2948; baseline 0 -1"><span class='ocrx_word' id='word_1_101' title='bbox 513 2894 655 2948; x_wconf 75' lang='lat' dir='ltr'><strong>Zea.</strong></span> 
     </span>
     <span class='ocr_line' id='line_1_23' title="bbox 1010 3007 1124 3062; baseline -0.009 0"><span class='ocrx_word' id='word_1_102' title='bbox 1010 3007 1059 3062; x_wconf 78' lang='lat' dir='ltr'><strong>F</strong></span> <span class='ocrx_word' id='word_1_103' title='bbox 1092 3023 1124 3061; x_wconf 77' lang='lat'><em>2</em></span> 
     </span>
    </p>
   </div>
  </div>
 </body>
</html>
