<?xml version="1.0" encoding="UTF-8"?>
<!DOCTYPE html PUBLIC "-//W3C//DTD XHTML 1.0 Transitional//EN"
    "http://www.w3.org/TR/xhtml1/DTD/xhtml1-transitional.dtd">
<html xmlns="http://www.w3.org/1999/xhtml" xml:lang="en" lang="en">
 <head>
  <title>
</title>
<meta http-equiv="Content-Type" content="text/html;charset=utf-8" />
  <meta name='ocr-system' content='tesseract 3.04.00' />
  <meta name='ocr-capabilities' content='ocr_page ocr_carea ocr_par ocr_line ocrx_word'/>
</head>
<body>
  <div class='ocr_page' id='page_1' title='image "./graminummonograp00fl_0199.png"; bbox 0 0 2232 3674; ppageno 0'>
   <div class='ocr_carea' id='block_1_1' title="bbox 122 398 1576 2850">
    <p class='ocr_par' dir='ltr' id='par_1_1' title="bbox 705 398 1082 448">
     <span class='ocr_line' id='line_1_1' title="bbox 705 398 1082 448; baseline -0.005 -23"><span class='ocrx_word' id='word_1_1' title='bbox 705 417 769 425; x_wconf 87' lang='grc'><strong>--.</strong></span> <span class='ocrx_word' id='word_1_2' title='bbox 847 398 940 448; x_wconf 80' lang='lat'><strong>197</strong></span> <span class='ocrx_word' id='word_1_3' title='bbox 1017 413 1082 423; x_wconf 70' lang='grc'>...-</span> 
     </span>
    </p>

    <p class='ocr_par' dir='ltr' id='par_1_2' title="bbox 181 511 1576 1049">
     <span class='ocr_line' id='line_1_2' title="bbox 181 511 1576 582; baseline -0.004 -4"><span class='ocrx_word' id='word_1_4' title='bbox 181 519 265 579; x_wconf 78' lang='lat' dir='ltr'><strong>&#39;Si</strong></span> <span class='ocrx_word' id='word_1_5' title='bbox 293 518 444 576; x_wconf 83' lang='lat' dir='ltr'><strong>fides</strong></span> <span class='ocrx_word' id='word_1_6' title='bbox 476 514 756 573; x_wconf 84' lang='lat' dir='ltr'><strong>habenda</strong></span> <span class='ocrx_word' id='word_1_7' title='bbox 782 528 873 570; x_wconf 89' lang='lat' dir='ltr'><strong>est</strong></span> <span class='ocrx_word' id='word_1_8' title='bbox 901 512 1169 582; x_wconf 86' lang='lat' dir='ltr'><strong>auctori,</strong></span> <span class='ocrx_word' id='word_1_9' title='bbox 1233 511 1576 573; x_wconf 77' lang='lat' dir='ltr'><strong>affirmanti</strong></span> 
     </span>
     <span class='ocr_line' id='line_1_3' title="bbox 281 606 1576 690; baseline -0.005 -1"><span class='ocrx_word' id='word_1_10' title='bbox 281 629 569 690; x_wconf 81' lang='lat' dir='ltr'>Phalarin</span> <span class='ocrx_word' id='word_1_11' title='bbox 636 624 1116 684; x_wconf 86' lang='lat' dir='ltr'><strong>erucaeformem</strong></span> <span class='ocrx_word' id='word_1_12' title='bbox 1187 606 1401 683; x_wconf 78' lang='lat' dir='ltr'><strong>Linne&#39;i</strong></span> <span class='ocrx_word' id='word_1_13' title='bbox 1459 607 1576 683; x_wconf 76' lang='lat' dir='ltr'><strong>huo</strong></span> 
     </span>
     <span class='ocr_line' id='line_1_4' title="bbox 282 740 1576 821; baseline -0.003 -21"><span class='ocrx_word' id='word_1_14' title='bbox 282 743 622 821; x_wconf 86' lang='lat' dir='ltr'><strong>pertinere,</strong></span> <span class='ocrx_word' id='word_1_15' title='bbox 752 741 931 796; x_wconf 83' lang='lat' dir='ltr'><strong>nullo</strong></span> <span class='ocrx_word' id='word_1_16' title='bbox 1024 752 1201 815; x_wconf 84' lang='lat' dir='ltr'><strong>pacto</strong></span> <span class='ocrx_word' id='word_1_17' title='bbox 1295 740 1363 796; x_wconf 90' lang='lat' dir='ltr'><strong>in</strong></span> <span class='ocrx_word' id='word_1_18' title='bbox 1459 741 1576 797; x_wconf 88' lang='lat' dir='ltr'><strong>hoc</strong></span> 
     </span>
     <span class='ocr_line' id='line_1_5' title="bbox 284 854 1575 936; baseline -0.002 -23"><span class='ocrx_word' id='word_1_19' title='bbox 284 877 505 936; x_wconf 75' lang='lat' dir='ltr'><strong>genere</strong></span> <span class='ocrx_word' id='word_1_20' title='bbox 528 854 842 912; x_wconf 86' lang='lat' dir='ltr'><strong>numerari</strong></span> <span class='ocrx_word' id='word_1_21' title='bbox 866 865 1102 928; x_wconf 89' lang='lat' dir='ltr'><strong>potest,</strong></span> <span class='ocrx_word' id='word_1_22' title='bbox 1133 873 1326 928; x_wconf 80' lang='lat' dir='ltr'><strong>quum</strong></span> <span class='ocrx_word' id='word_1_23' title='bbox 1355 854 1575 912; x_wconf 85' lang='lat' dir='ltr'><strong>habeat</strong></span> 
     </span>
     <span class='ocr_line' id='line_1_6' title="bbox 280 967 1184 1049; baseline -0.004 -25"><span class='ocrx_word' id='word_1_24' title='bbox 280 971 518 1049; x_wconf 74' lang='lat' dir='ltr'><strong>glumas</strong></span> <span class='ocrx_word' id='word_1_25' title='bbox 548 967 836 1022; x_wconf 82' lang='lat' dir='ltr'><strong>calicinas</strong></span> <span class='ocrx_word' id='word_1_26' title='bbox 868 967 1184 1021; x_wconf 81' lang='lat' dir='ltr'><strong>carinatas.</strong></span> 
     </span>
    </p>

    <p class='ocr_par' dir='ltr' id='par_1_3' title="bbox 195 1078 1576 1590">
     <span class='ocr_line' id='line_1_7' title="bbox 195 1078 1572 1157; baseline -0.001 -18"><span class='ocrx_word' id='word_1_27' title='bbox 195 1086 306 1139; x_wconf 91' lang='lat' dir='ltr'><strong>III.</strong></span> <span class='ocrx_word' id='word_1_28' title='bbox 382 1079 752 1138; x_wconf 62' lang='lat' dir='ltr'><strong>Rotcbollius</strong></span> <span class='ocrx_word' id='word_1_29' title='bbox 822 1091 943 1135; x_wconf 86' lang='lat' dir='ltr'><strong>tres</strong></span> <span class='ocrx_word' id='word_1_30' title='bbox 1012 1078 1255 1153; x_wconf 81' lang='lat' dir='ltr'><strong>Paspali</strong></span> <span class='ocrx_word' id='word_1_31' title='bbox 1339 1080 1572 1157; x_wconf 73' lang='lat' dir='ltr'><strong>species</strong></span> 
     </span>
     <span class='ocr_line' id='line_1_8' title="bbox 281 1189 1574 1267; baseline -0.005 -16"><span class='ocrx_word' id='word_1_32' title='bbox 281 1206 758 1261; x_wconf 83' lang='lat' dir='ltr'><strong>commemorat,</strong></span> <span class='ocrx_word' id='word_1_33' title='bbox 833 1210 865 1247; x_wconf 90' lang='lat' dir='ltr'><strong>a</strong></span> <span class='ocrx_word' id='word_1_34' title='bbox 907 1191 1219 1248; x_wconf 80' lang='lat' dir='ltr'><strong>Rolandro</strong></span> <span class='ocrx_word' id='word_1_35' title='bbox 1261 1189 1335 1244; x_wconf 83' lang='lat' dir='ltr'><strong>ad</strong></span> <span class='ocrx_word' id='word_1_36' title='bbox 1377 1208 1574 1267; x_wconf 76' lang='lat' dir='ltr'><strong>genus</strong></span> 
     </span>
     <span class='ocr_line' id='line_1_9' title="bbox 279 1301 1574 1380; baseline -0.006 -16"><span class='ocrx_word' id='word_1_37' title='bbox 279 1326 625 1364; x_wconf 77' lang='lat' dir='ltr'><strong>CLEAGHNE</strong></span> <span class='ocrx_word' id='word_1_38' title='bbox 691 1305 942 1375; x_wconf 80' lang='lat' dir='ltr'><strong>relataS,</strong></span> <span class='ocrx_word' id='word_1_39' title='bbox 1031 1303 1105 1360; x_wconf 87' lang='lat' dir='ltr'><strong>de</strong></span> <span class='ocrx_word' id='word_1_40' title='bbox 1169 1322 1428 1380; x_wconf 84' lang='lat' dir='ltr'><strong>quarum</strong></span> <span class='ocrx_word' id='word_1_41' title='bbox 1479 1301 1574 1356; x_wconf 89' lang='lat' dir='ltr'><strong>in-</strong></span> 
     </span>
     <span class='ocr_line' id='line_1_10' title="bbox 281 1415 1576 1489; baseline -0.003 -13"><span class='ocrx_word' id='word_1_42' title='bbox 281 1420 423 1478; x_wconf 87' lang='lat' dir='ltr'><strong>dole</strong></span> <span class='ocrx_word' id='word_1_43' title='bbox 450 1434 657 1475; x_wconf 86' lang='lat' dir='ltr'><strong>tamen</strong></span> <span class='ocrx_word' id='word_1_44' title='bbox 686 1417 848 1475; x_wconf 86' lang='lat' dir='ltr'><strong>nihil</strong></span> <span class='ocrx_word' id='word_1_45' title='bbox 873 1415 1089 1489; x_wconf 84' lang='lat' dir='ltr'><strong>refert,</strong></span> <span class='ocrx_word' id='word_1_46' title='bbox 1153 1416 1359 1474; x_wconf 87' lang='lat' dir='ltr'><strong>solum</strong></span> <span class='ocrx_word' id='word_1_47' title='bbox 1388 1433 1576 1472; x_wconf 88' lang='lat' dir='ltr'><strong>usum</strong></span> 
     </span>
     <span class='ocr_line' id='line_1_11' title="bbox 278 1529 1063 1590; baseline -0.004 0"><span class='ocrx_word' id='word_1_48' title='bbox 278 1532 586 1590; x_wconf 81' lang='lat' dir='ltr'><strong>indicasse</strong></span> <span class='ocrx_word' id='word_1_49' title='bbox 613 1531 762 1589; x_wconf 84' lang='lat' dir='ltr'><strong>satis</strong></span> <span class='ocrx_word' id='word_1_50' title='bbox 792 1529 1023 1588; x_wconf 85' lang='lat' dir='ltr'><strong>habens</strong></span> <span class='ocrx_word' id='word_1_51' title='bbox 1050 1551 1063 1587; x_wconf 79' lang='lat' dir='ltr'><strong><em>z</em></strong></span> 
     </span>
    </p>

    <p class='ocr_par' dir='ltr' id='par_1_4' title="bbox 496 1643 1272 1702">
     <span class='ocr_line' id='line_1_12' title="bbox 496 1643 1272 1702; baseline -0.004 0"><span class='ocrx_word' id='word_1_52' title='bbox 496 1667 545 1702; x_wconf 89' lang='lat'><strong>1.</strong></span> <span class='ocrx_word' id='word_1_53' title='bbox 592 1664 938 1702; x_wconf 82' lang='lat' dir='ltr'>PASPALUM</span> <span class='ocrx_word' id='word_1_54' title='bbox 991 1643 1272 1700; x_wconf 82' lang='lat' dir='ltr'><strong>ciliatum</strong></span> 
     </span>
    </p>

    <p class='ocr_par' dir='ltr' id='par_1_5' title="bbox 122 1742 1573 1835">
     <span class='ocr_line' id='line_1_13' title="bbox 122 1742 1573 1835; baseline -0.005 -20"><span class='ocrx_word' id='word_1_55' title='bbox 122 1742 125 1743; x_wconf 25' lang='lat'><em>⁷</em></span> <span class='ocrx_word' id='word_1_56' title='bbox 195 1758 261 1816; x_wconf 84' lang='lat' dir='ltr'><strong>vi</strong></span> <span class='ocrx_word' id='word_1_57' title='bbox 322 1758 760 1815; x_wconf 80' lang='lat' dir='ltr'><strong>deobstruente</strong></span> <span class='ocrx_word' id='word_1_58' title='bbox 826 1758 1067 1835; x_wconf 72' lang='lat' dir='ltr'><strong>gaudet.</strong></span> <span class='ocrx_word' id='word_1_59' title='bbox 1222 1761 1573 1812; x_wconf 83' lang='lat' dir='ltr'><strong>Decoctum</strong></span> 
     </span>
    </p>

    <p class='ocr_par' dir='ltr' id='par_1_6' title="bbox 194 1865 1570 1946">
     <span class='ocr_line' id='line_1_14' title="bbox 194 1865 1570 1946; baseline -0.007 -17"><span class='ocrx_word' id='word_1_60' title='bbox 194 1884 654 1930; x_wconf 83' lang='lat' dir='ltr'><strong>sarmentorum</strong></span> <span class='ocrx_word' id='word_1_61' title='bbox 717 1869 1004 1946; x_wconf 79' lang='lat' dir='ltr'><strong>inprimis</strong></span> <span class='ocrx_word' id='word_1_62' title='bbox 1057 1869 1136 1925; x_wconf 83' lang='lat' dir='ltr'><strong>in·</strong></span> <span class='ocrx_word' id='word_1_63' title='bbox 1174 1872 1369 1924; x_wconf 82' lang='lat' dir='ltr'><strong>Ietero</strong></span> <span class='ocrx_word' id='word_1_64' title='bbox 1411 1865 1570 1921; x_wconf 79' lang='lat' dir='ltr'><strong>ssavo</strong></span> 
     </span>
    </p>

    <p class='ocr_par' dir='ltr' id='par_1_7' title="bbox 196 1980 1570 2059">
     <span class='ocr_line' id='line_1_15' title="bbox 196 1980 1570 2059; baseline -0.004 -19"><span class='ocrx_word' id='word_1_65' title='bbox 196 2003 339 2040; x_wconf 87' lang='lat' dir='ltr'><strong>cum</strong></span> <span class='ocrx_word' id='word_1_66' title='bbox 362 1982 573 2040; x_wconf 84' lang='lat' dir='ltr'><strong>fructu</strong></span> <span class='ocrx_word' id='word_1_67' title='bbox 600 1996 946 2059; x_wconf 82' lang='lat' dir='ltr'><strong>usurpatur.</strong></span> <span class='ocrx_word' id='word_1_68' title='bbox 1009 1980 1310 2039; x_wconf 54' lang='lat' dir='ltr'><strong>Roccball.</strong></span> <span class='ocrx_word' id='word_1_69' title='bbox 1338 1980 1408 2037; x_wconf 86' lang='lat' dir='ltr'><strong>in</strong></span> <span class='ocrx_word' id='word_1_70' title='bbox 1430 1982 1570 2037; x_wconf 72' lang='lat' dir='ltr'><strong>Act.</strong></span> 
     </span>
    </p>

    <p class='ocr_par' dir='ltr' id='par_1_8' title="bbox 195 2092 1078 2175">
     <span class='ocr_line' id='line_1_16' title="bbox 195 2092 1078 2175; baseline -0.005 -22"><span class='ocrx_word' id='word_1_71' title='bbox 195 2098 281 2153; x_wconf 74' lang='lat' dir='ltr'><strong>lit.</strong></span> <span class='ocrx_word' id='word_1_72' title='bbox 318 2092 517 2175; x_wconf 81' lang='lat' dir='ltr'><strong>Hafn.</strong></span> <span class='ocrx_word' id='word_1_73' title='bbox 551 2117 606 2152; x_wconf 87' lang='grc' dir='ltr'><strong>α.</strong></span> <span class='ocrx_word' id='word_1_74' title='bbox 647 2112 820 2167; x_wconf 73' lang='lat'><strong>1773.</strong></span> <span class='ocrx_word' id='word_1_75' title='bbox 849 2117 907 2172; x_wconf 87' lang='lat' dir='ltr'><strong>p.</strong></span> <span class='ocrx_word' id='word_1_76' title='bbox 941 2110 1078 2164; x_wconf 77' lang='lat'><strong>235.</strong></span> 
     </span>
    </p>

    <p class='ocr_par' dir='ltr' id='par_1_9' title="bbox 488 2203 1276 2265">
     <span class='ocr_line' id='line_1_17' title="bbox 488 2203 1276 2265; baseline -0.001 -2"><span class='ocrx_word' id='word_1_77' title='bbox 488 2227 541 2264; x_wconf 64' lang='grc' dir='ltr'><strong>ρ.</strong></span> <span class='ocrx_word' id='word_1_78' title='bbox 589 2227 932 2265; x_wconf 71' lang='lat' dir='ltr'><strong>PASPALUM</strong></span> <span class='ocrx_word' id='word_1_79' title='bbox 959 2203 1276 2264; x_wconf 81' lang='lat' dir='ltr'><strong>diffusum.</strong></span> 
     </span>
    </p>

    <p class='ocr_par' dir='ltr' id='par_1_10' title="bbox 190 2315 1571 2395">
     <span class='ocr_line' id='line_1_18' title="bbox 190 2315 1571 2395; baseline -0.005 -15"><span class='ocrx_word' id='word_1_80' title='bbox 190 2319 398 2395; x_wconf 90' lang='lat' dir='ltr'><strong>Hujus</strong></span> <span class='ocrx_word' id='word_1_81' title='bbox 448 2320 751 2391; x_wconf 77' lang='lat' dir='ltr'><strong>flosculi3‚</strong></span> <span class='ocrx_word' id='word_1_82' title='bbox 826 2321 1094 2390; x_wconf 87' lang='lat' dir='ltr'><strong>semina,</strong></span> <span class='ocrx_word' id='word_1_83' title='bbox 1177 2320 1327 2375; x_wconf 83' lang='lat' dir='ltr'><strong>dum</strong></span> <span class='ocrx_word' id='word_1_84' title='bbox 1377 2315 1571 2394; x_wconf 74' lang='lat' dir='ltr'><strong>clausi</strong></span> 
     </span>
    </p>

    <p class='ocr_par' dir='ltr' id='par_1_11' title="bbox 196 2432 1568 2505">
     <span class='ocr_line' id='line_1_19' title="bbox 196 2432 1568 2505; baseline -0.004 -13"><span class='ocrx_word' id='word_1_85' title='bbox 196 2448 378 2504; x_wconf 88' lang='lat' dir='ltr'><strong>sunt,</strong></span> <span class='ocrx_word' id='word_1_86' title='bbox 436 2432 881 2505; x_wconf 81' lang='lat' dir='ltr'><strong>referentibus,</strong></span> <span class='ocrx_word' id='word_1_87' title='bbox 933 2433 1233 2490; x_wconf 74' lang='lat' dir='ltr'><strong>Columba</strong></span> <span class='ocrx_word' id='word_1_88' title='bbox 1260 2432 1568 2489; x_wconf 82' lang='lat' dir='ltr'><strong>maculata</strong></span> 
     </span>
    </p>

    <p class='ocr_par' dir='ltr' id='par_1_12' title="bbox 194 2545 1292 2624">
     <span class='ocr_line' id='line_1_20' title="bbox 194 2545 1292 2624; baseline -0.005 -19"><span class='ocrx_word' id='word_1_89' title='bbox 194 2562 255 2605; x_wconf 88' lang='lat' dir='ltr'><strong>et</strong></span> <span class='ocrx_word' id='word_1_90' title='bbox 281 2567 555 2624; x_wconf 86' lang='lat' dir='ltr'><strong>passeres</strong></span> <span class='ocrx_word' id='word_1_91' title='bbox 579 2547 890 2604; x_wconf 77' lang='lat' dir='ltr'><strong>victitant.</strong></span> <span class='ocrx_word' id='word_1_92' title='bbox 940 2545 1148 2603; x_wconf 66' lang='grc' dir='ltr'><strong><em>Βοιώ.</em></strong></span> <span class='ocrx_word' id='word_1_93' title='bbox 1179 2546 1215 2600; x_wconf 84' lang='lat' dir='ltr'><strong>Z.</strong></span> <span class='ocrx_word' id='word_1_94' title='bbox 1246 2565 1292 2601; x_wconf 81' lang='lat' dir='ltr'><strong>c.</strong></span> 
     </span>
    </p>

    <p class='ocr_par' dir='ltr' id='par_1_13' title="bbox 195 2658 1567 2850">
     <span class='ocr_line' id='line_1_21' title="bbox 459 2658 1304 2729; baseline -0.001 -14"><span class='ocrx_word' id='word_1_95' title='bbox 459 2678 512 2729; x_wconf 82' lang='lat'><strong>5.</strong></span> <span class='ocrx_word' id='word_1_96' title='bbox 559 2679 841 2716; x_wconf 77' lang='lat' dir='ltr'><strong>PASPALo</strong></span> <span class='ocrx_word' id='word_1_97' title='bbox 881 2658 1304 2715; x_wconf 45' lang='lat' dir='ltr'><strong>*decumbente</strong></span> 
     </span>
     <span class='ocr_line' id='line_1_22' title="bbox 195 2771 1567 2850; baseline -0.003 -21"><span class='ocrx_word' id='word_1_98' title='bbox 195 2786 535 2850; x_wconf 86' lang='lat' dir='ltr'><strong>pascuntur</strong></span> <span class='ocrx_word' id='word_1_99' title='bbox 587 2792 767 2842; x_wconf 81' lang='lat' dir='ltr'><strong>oveS‚</strong></span> <span class='ocrx_word' id='word_1_100' title='bbox 837 2773 1061 2848; x_wconf 83' lang='lat' dir='ltr'><strong>quibus</strong></span> <span class='ocrx_word' id='word_1_101' title='bbox 1112 2771 1212 2827; x_wconf 80' lang='lat' dir='ltr'><strong>hic</strong></span> <span class='ocrx_word' id='word_1_102' title='bbox 1265 2785 1567 2828; x_wconf 85' lang='lat' dir='ltr'><strong>terrarum</strong></span> 
     </span>
    </p>
   </div>
   <div class='ocr_carea' id='block_1_2' title="bbox 194 2883 1289 2944">
    <p class='ocr_par' dir='ltr' id='par_1_14' title="bbox 194 2883 1289 2944">
     <span class='ocr_line' id='line_1_23' title="bbox 194 2883 1289 2944; baseline -0.004 0"><span class='ocrx_word' id='word_1_103' title='bbox 194 2891 454 2944; x_wconf 84' lang='lat' dir='ltr'><strong>Festuca</strong></span> <span class='ocrx_word' id='word_1_104' title='bbox 484 2886 670 2943; x_wconf 85' lang='lat' dir='ltr'><strong>ovina</strong></span> <span class='ocrx_word' id='word_1_105' title='bbox 700 2886 884 2943; x_wconf 87' lang='lat' dir='ltr'><strong>deest.</strong></span> <span class='ocrx_word' id='word_1_106' title='bbox 940 2883 1148 2944; x_wconf 73' lang='lat' dir='ltr'><strong>Rotcb.</strong></span> <span class='ocrx_word' id='word_1_107' title='bbox 1180 2885 1215 2940; x_wconf 86' lang='lat' dir='ltr'><strong>l.</strong></span> <span class='ocrx_word' id='word_1_108' title='bbox 1244 2905 1289 2942; x_wconf 90' lang='lat' dir='ltr'><strong>c.</strong></span> 
     </span>
    </p>
   </div>
  </div>
 </body>
</html>
