2232 3674
623 370 1022 432 ⁴—61-

409 500 829 577 cymbiformi.
982 500 1160 559 Calin:
1238 498 1530 568 bivalviS,

406 615 741 686 uniflorus,
788 617 1059 673 lanatus.

241 727 420 788 Unde
476 743 756 804 apparet,
835 727 1138 786 Ceresiam
1187 746 1219 783 a
1270 725 1533 801 Paspalo

243 841 577 920 distingui:
644 841 811 898 rachi
865 839 1267 915 cymbiformi
1319 839 1532 896 calice·

243 974 364 1032 que
405 956 617 1010 lanato
663 957 798 1029 (seu
834 953 1045 1030 potius
1074 953 1256 1010 valde
1281 952 1535 1029 piloso.)

323 1072 489 1146 Quas
531 1067 784 1144 quidem
823 1080 1004 1124 notas
1046 1066 1214 1122 haud
1253 1063 1566 1122 sufficere·

234 1180 370 1258 ipse
398 1178 678 1256 profecto
710 1182 1070 1238 Persoonius
1104 1178 1534 1247 intellexisset,

241 1294 298 1352 si
337 1294 608 1350 detectae
648 1313 679 1349 a
723 1294 877 1351 viris
932 1292 1294 1351 clarissimis
1340 1297 1536 1348 Hum-

240 1405 468 1465 boldtio
499 1420 559 1462 et
587 1407 952 1484 Bonplando
990 1406 1222 1483 species
1249 1404 1537 1482 cognitae

242 1519 299 1576 ei
338 1517 626 1576 fuissent.
730 1524 805 1576 ln
843 1519 942 1577 his
984 1519 1153 1576 enim
1193 1518 1356 1576 calix
1394 1538 1537 1575 con-

238 1631 498 1709 spicitur
512 1631 706 1711 magis
726 1631 1016 1689 minusve
1032 1631 1296 1708 pilosus,
1334 1630 1533 1687 rachis

232 1757 448 1823 ‘autem
483 1743 609 1816 jam
648 1723 837 1800 latier
874 1743 1001 1817 jam
1043 1745 1400 1822 angustior:
1441 1758 1531 1814 ur,

236 1856 348 1914 ubi
387 1857 713 1934 utriusque
752 1856 992 1936 generis
1031 1856 1265 1915 limites
1305 1857 1536 1914 consti-

239 1969 461 2026 tuendi
522 1947 682 2041 sint,
754 1991 869 2049 ego
935 1985 1093 2028 certe
1154 1970 1352 2028 dicere
1399 1990 1533 2027 non

238 2083 515 2140 habeam.
588 2088 724 2163 Quo
750 2084 1015 2154 accedit,
1047 2084 1216 2160 quod
1244 2104 1532 2141 PASPALO

239 2216 811 2269 HUMBOLDTIANO‚
876 2212 1128 2274 propter
1168 2198 1418 2255 calicem
1444 2197 1535 2273 pi-

237 2310 447 2367 losum
476 2325 535 2367 et
562 2326 891 2390 angustam
925 2311 1139 2368 rachin
1180 2311 1252 2368 in
1293 2312 1534 2369 utrovis

243 2441 464 2501 genere
488 2425 668 2483 locus
697 2424 952 2481 attribui
978 2438 1203 2500 potest.

155 2650 229 2707 ΙΙ.
287 2648 543 2706 IValteri
598 2651 926 2726 Paspalum
996 2648 1535 2707 membranaceum

241 2774 458 2817 utrum
532 2762 1020 2821 ·La1narckian0
1140 2763 1532 2839 respondeat,

239 2893 356 2932 nec
380 2894 492 2947 ne,
523 2873 818 2934 affirmare
845 2897 978 2935 non
1007 2876 1233 2950 audeo,
1284 2875 1553 2955 quando·
