2232 3674
792 353 857 361 ...-
943 337 978 386 9
1063 352 1130 362 -η

276 456 435 514 vmihi
472 452 718 531 scripsi,
767 467 865 524 ut,
908 454 1035 511 nisi
1081 475 1228 532 quas
1270 456 1533 532 ipsemet
1569 458 1644 515 ad

277 589 502 626 manus
537 570 855 637 haberem,
911 569 1116 625 nullas
1158 568 1225 625 in
1263 570 1370 626 has
1407 572 1643 628 ]itteras

278 681 567 740 referrem
608 681 871 757 species;
942 681 1008 737 in
1052 702 1176 760 quo
1220 683 1471 760 quidem
1512 705 1646 740 non

279 795 477 873 magis
518 794 952 851 dissentientes
1005 815 1250 852 mecum
1274 782 1278 786 ⁵
1299 797 1649 876 inteiligen-

281 923 372 966 tes
415 908 675 964 arbitros
716 907 1036 964 habiturus
1080 928 1208 966 esse
1248 910 1403 966 mihi
1437 911 1651 970 videor

284 1041 471 1100 quam
509 1021 577 1076 in
617 1020 1103 1096 appeHaLionum
1142 1022 1415 1094 delectu,
1439 1003 1650 1100 ,quem

283 1134 369 1191 ita
405 1132 552 1204 feci,
600 1147 672 1189 ut
709 1133 833 1191 nisi
872 1154 1024 1210 quas
1064 1133 1259 1208 justas
1287 1157 1416 1194 esse
1445 1139 1653 1214 exploae

284 1260 489 1306 ratum
536 1246 852 1317 haberem,
913 1249 1119 1305 nullas
1175 1269 1567 1307 assumerem.

409 1359 589 1438 Quod
626 1380 771 1416 vero
817 1360 1077 1436 pristina
1116 1362 1375 1419 nomina
1424 1364 1490 1420 in
1547 1365 1656 1421 ali*

286 1487 442 1551 quot
465 1472 622 1530 locis
653 1493 795 1529 cum
824 1474 1008 1530 novis
1049 1476 1462 1547 commutavi,
1507 1497 1656 1534 sane

285 1606 417 1641 non
454 1587 567 1642 hac
600 1599 807 1641 mente
849 1584 1000 1656 feci,
1050 1600 1121 1641 ut
1160 1608 1408 1662 prorsus
1451 1589 1656 1647 abole-

284 1713 526 1768 rentur,
577 1711 800 1773 sponte
828 1717 961 1754 mea
993 1699 1371 1772 omissurus,
1398 1678 1657 1760 simulac

283 1811 389 1868 illa
424 1810 641 1868 eodem
667 1829 791 1887 quo
821 1811 969 1868 haec
995 1812 1299 1888 pertinere
1323 1835 1657 1890 persuasus

282 1922 480 1982 fuero.
569 1929 856 1982 Ceterum
895 1945 1006 2000 pro
1054 1927 1492 1986 communibus
1543 1950 1659 1987 no-

283 2038 563 2095 minibus
632 2057 766 2094 11011
832 2038 958 2096 nisi
1027 2059 1095 2096 ea
1168 2041 1353 2118 elegi,
1427 2043 1655 2119 quibus

286 2147 488 2207 a'dhuc
556 2171 741 2208 nemo
811 2151 880 2207 in
947 2151 1124 2209 libris
1181 2173 1366 2230 super
1421 2156 1534 2213 hac
1593 2177 1658 2215 re

288 2264 535 2339 scriptis
588 2283 737 2321 usus
796 2277 918 2335 est,
967 2266 1137 2343 quod
1189 2267 1344 2325 mihi
1382 2288 1659 2326 necessa*

286 2377 448 2433 rium
482 2377 693 2435 visum
728 2375 852 2434 fuit
893 2377 969 2434 ad
1010 2379 1441 2451 declinandas,
1501 2402 1657 2458 quae

287 2487 449 2547 forte
489 2490 638 2546 oriri
670 2504 955 2567 possent,
1005 2492 1446 2551 dubitationes.

410 2601 505 2659 Ad
532 2601 976 2679 descriptiones
1017 2605 1184 2680 ipsas
1216 2606 1384 2683 quod
1412 2607 1653 2678 attinet,

284 2715 668 2773 maxime·id
718 2716 1016 2792 spectavi,
1074 2731 1146 2773 ut
1198 2721 1657 2796 comparatione

282 2826 444 2888 faeta
525 2828 916 2910 singularum
997 2831 1356 2908 plantarum
1433 2847 1657 2893 natura
