2232 3674
1136 410 1203 419 ...-
1271 389 1341 446 94
1408 412 1475 421 .-..

611 516 680 574 V;
722 512 906 591 Quod
935 511 1199 570 Linne'us
1223 513 1289 569 iu
1314 514 1560 590 Paspali
1590 512 1991 571 scrobiculati

697 627 1116 703 descriptione
1173 623 1375 698 affert,
1424 628 1633 686 calicis
1675 629 1992 685 valvulam

693 741 1039 818 pianiorem
1079 741 1213 797 basi
1254 740 1557 798 intrusam
1597 756 1656 798 et
1685 742 1751 798 in
1782 741 1989 798 medio

693 855 827 932 pari
868 854 1360 913 scrobiculorum
1396 856 1701 932 impresso
1754 854 1992 932 praedi·

694 980 823 1026 tam
875 987 1036 1039 esse,
1112 969 1454 1026 admodum
1518 990 1731 1027 vereor
1786 989 1868 1025 ne
1922 968 1993 1025 in

692 1081 840 1140 viva
885 1083 1095 1158 planta
1135 1083 1302 1139 haud
1361 1083 1875 1159 conspiciendum
1927 1101 1993 1138 se

691 1196 1009 1272 praebeat,
1079 1197 1329 1274 sintque
1371 1198 1705 1254 scrobiculi
1746 1210 1993 1252 tantum

693 1307 769 1365 ab
843 1309 1230 1367 exsiccando,
1327 1311 1533 1367 Etiam
1599 1310 1991 1368 Clarissimus

698 1421 1052 1480 Schreberus
1093 1424 1159 1479 in
1200 1423 1398 1483 literis
1436 1423 1650 1495 refert,
1724 1444 1787 1482 se
1832 1425 1993 1479 hanc

691 1549 912 1593 notam
939 1557 1071 1593 non
1100 1537 1333 1615 ubique
1364 1538 1722 1597 observasse
1741 1583 1755 1608 ‚
1788 1557 1992 1614 neque

694 1651 850 1707 Clar.
907 1652 1357 1709 W'illdenowius
1409 1653 1478 1708 in
1530 1652 1777 1729 Paspali
1829 1655 1991 1709 Hora

695 1762 1118 1840 descriptione
1136 1810 1150 1834 ,
1183 1765 1258 1822 ad
1284 1765 1495 1822 vivam
1512 1768 1792 1842 plantam
1809 1763 1988 1835 facta,

692 1877 892 1933 ullam
920 1876 1050 1949 ejus
1078 1878 1466 1935 mentionem
1494 1876 1672 1935 facit:
1721 1892 1819 1948 ut,
1856 1897 1992 1934 mea

693 1989 948 2066 quidem
990 1990 1328 2062 sententia,
1390 1992 1490 2048 hic
1529 1993 1838 2050 character
1877 2009 1989 2067 pro

689 2101 933 2161 incerto
961 2104 1280 2162 habendus
1311 2105 1411 2163 sit.

611 2330 714 2388 vl.
800 2332 1130 2408 Paspalum
1225 2331 1713 2390 scrobiculatum
1797 2335 1992 2389 Hout-
2064 2394 2070 2398 ⁷

697 2445 914 2523 tuynz'i'
964 2443 1093 2519 jam
1160 2446 1344 2523 spicis
1416 2446 1873 2523 copiosioribus
1934 2457 1995 2501 et

692 2554 1087 2618 brevioribus
1129 2581 1161 2617 a
1206 2558 1520 2617 Linne'ano
1563 2557 1991 2637 distinguitur.

694 2678 853 2737 Clar.
889 2677 1194 2732 Panzerus
1239 2674 1314 2731 ad
1341 2673 1823 2748 descriptionem
1859 2673 1995 2729 Lin-

695 2787 993 2857 ne‘anam,
1042 2808 1074 2845 e
1113 2788 1310 2846 latina
1345 2787 1566 2868 lingua
1609 2787 1993 2853 translatam,

699 2901 850 2960 haec
879 2899 1080 2957 addit:
1163 2926 1167 2927 ff
