2232 3674
184 531 306 596 sich
342 551 462 591 von
488 527 696 601 selba,
744 527 876 586 dass
909 527 1103 586 dieses
1133 502 1282 586 Gras
1310 530 1461 586 auch
1488 531 1557 587 in

185 646 516 708 Ostindien
542 666 624 700 zu
648 648 857 701 Hause
883 643 968 699 ist
996 639 1058 716 (Ξ)

262 764 268 767 “
311 765 536 819 Houct.
579 752 698 834 Pfl.
749 760 914 837 «ςγδι.
966 754 1076 813 ΤΙι.
1128 773 1216 813 12.
1258 777 1317 834 p.
1352 771 1467 825 215
1501 770 1561 812 et

186 875 328 933 216.

184 991 296 1046 ΙΙΙ.
343 985 667 1061 Paspalum
709 981 1173 1042 Commersonii
1200 982 1561 1062 Zuccagnii‚

269 1113 343 1156 ut
370 1111 547 1156 antea
576 1096 741 1168 dixi,
788 1090 955 1153 idem
994 1112 1086 1153 est
1113 1095 1282 1173 quod
1310 1100 1567 1152 chmczr-

198 1239 200 1241 ’
273 1211 400 1270 ckio
423 1210 962 1268 membranaceum
992 1210 1181 1266 audit.

193 1330 297 1386 IV.
347 1324 737 1383 Clarissimus
791 1324 1234 1383 lVilldenowius
1272 1321 1397 1395 jam
1431 1326 1572 1378 Pas-

274 1440 488 1516 palum
518 1437 855 1494 orbiculare
887 1438 1149 1495 Forsceri
1188 1436 1571 1515 singularem

280 1572 313 1609 a
338 1553 598 1627 Paspalo
626 1555 785 1608 Kora
812 1551 1117 1608 diversam
1146 1570 1276 1607 esse
1302 1549 1570 1625 speeiem

278 1678 514 1722 censet:
571 1664 638 1719 in
681 1685 803 1741 quo
850 1662 1135 1740 equidem
1172 1663 1307 1720 viro
1348 1662 1575 1720 doctis-

280 1779 438 1835 simo
477 1795 610 1832 non
650 1776 983 1846 assentior,
1045 1790 1365 1852 propterea
1407 1775 1575 1852 quod

279 1909 617 1947 nervorum
654 1889 723 1947 in
768 1890 996 1969 glumis
1036 1890 1314 1947 calicinis
1358 1908 1575 1944 nume-

283 2024 389 2061 rus
443 2023 576 2060 non
629 2003 826 2083 magis
878 2006 1077 2081 quam'
1129 2004 1581 2080 pediceilorum

283 2131 503 2174 natura
556 2117 621 2172 in
678 2117 812 2175 hac'
863 2118 1061 2194 specie
1126 2110 1248 2175 sibi
1309 2130 1573 2174 constat.

285 2230 496 2289 Variat
524 2231 671 2287 haec
699 2233 911 2307 planta
942 2230 1121 2287 omni
1148 2245 1318 2307 parte
1347 2231 1579 2287 mirum

201 2378 203 2381 ·
286 2343 357 2401 in
386 2343 678 2414 modum,
742 2365 943 2422 neque
983 2345 1186 2401 ullum
1224 2343 1351 2402 fere
1382 2363 1584 2400 exem·

210 2470 213 2475 ‘
289 2457 424 2533 plai-
457 2457 637 2514 alteri
682 2459 867 2534 plane
892 2458 1258 2535 respondet,
1302 2458 1470 2535 quod
1509 2476 1585 2513 ex

293 2569 531 2627 diversa
580 2570 706 2626 loci
755 2584 976 2627 natura
1028 2570 1274 2628 evenire
1317 2571 1584 2628 videtur.

298 2686 610 2740 Forsterus
648 2703 780 2740 eam
819 2684 1064 2760 Paspali
1099 2684 1355 2743 venusti
1382 2683 1589 2740 nomi-

293 2814 376 2851 ne
414 2794 781 2873 insignitam
818 2797 1030 2856 amicis
1057 2798 1375 2869 mittebat,
1422 2786 1592 2854 anie-

296 2927 484 2986 quam
513 2907 931 2986 descripserat.
