2232 3674
689 433 754 442 —..
831 413 926 466 157
996 432 1064 442 -..

273 538 487 616 plana,
530 534 787 605 villosa,
830 533 896 589 in
926 533 1135 609 planta
1179 535 1340 590 culta
1369 536 1557 611 pube-

277 649 539 719 scentia,
603 647 666 716 in
696 668 732 719 β
770 647 912 723 pilis
936 646 1141 726 longis
1171 646 1392 704 ciliata.

202 765 412 838 &picae
445 783 469 817 1
492 779 655 830 -5,
687 762 971 816 alternae.

196 874 415 933 Rachis
468 874 815 931 universalis
868 873 947 946 (si
998 872 1196 946 adest)
1250 873 1437 930 semi·
1482 873 1558 930 ad

278 987 638 1056 biuncialis,
711 985 1155 1062 subtriquetra,
1211 985 1415 1064 glabra
1454 998 1563 1044 aut

277 1099 650 1175 pubescens:
696 1097 898 1154 axillis
939 1098 1176 1174 pilosis·

175 1212 428 1271 *Raches
482 1212 770 1288 partiales
838 1210 1155 1287 aliquanto
1230 1209 1556 1285 flexuosae,
1594 1235 1597 1238 “

208 1331 222 1345 ’
282 1324 525 1404 glabrae
552 1337 658 1379 aut
683 1322 926 1380 inferne
956 1324 1386 1399 pubescentes,
1440 1326 1561 1402 spi-

284 1439 441 1494 culis
491 1438 703 1513 paullo
754 1437 1175 1515 angustiores,
1230 1457 1560 1512 convexae,

283 1550 530 1632 demun]
562 1550 943 1625 explanatae,
974 1549 1039 1605 in
1070 1585 1098 1611 m
1137 1550 1238 1606 bi·
1264 1552 1340 1607 ad
1368 1552 1563 1609 triun-

285 1664 498 1733 ciales,
563 1663 630 1718 in
666 1682 700 1733 β
743 1663 853 1719 vix
892 1663 1395 1738 sesquiunciales.

202 1777 479 1836 Pedicelli
528 1775 854 1853 geminati,
928 1775 1124 1852 glabri
1186 1790 1291 1833 aut
1349 1780 1564 1854 paullo

283 1890 715 1966 pubescentes:
798 1888 991 1943 altero
1073 1889 1283 1945 tereti:
1373 1892 1566 1948 altero

286 2001 486 2058 amice
524 2002 721 2056 alato:
775 2002 865 2057 ala
920 2001 987 2057 in
1040 2003 1289 2060 racheos
1332 2018 1569 2062 costam

282 2114 785 2190 protuberantem
812 2114 1184 2171 decurrente.

211 2227 481 2304 Spiculae
509 2226 1182 2284 orbiculato-obovatae
1199 2242 1306 2284 aut
1330 2244 1567 2300 ovatae,

291 2339 780 2412 obtusiusculae,
863 2338 1285 2398 subtrifariam
1324 2341 1571 2399 -imbri-

288 2467 469 2508 eatae.

215 2565 472 2623 Glumae
500 2564 786 2622 distincte
813 2565 1142 2638 trinerves,
1177 2580 1284 2624 aut
1315 2567 1570 2625 obscure

288 2677 820 2755 quinquenerves,
879 2678 1121 2758 glabrae
1174 2693 1281 2736 aut
1337 2682 1571 2739 tenuis-

289 2791 443 2848 sime
470 2792 891 2866 pubescentes.

209 2906 444 2970 Valvae
470 2904 704 2963 albidae
720 2950 736 2977 ,
776 2905 1127 2983 glumarum
1150 2906 1568 2986 longitudine.
