2232 3674
1289 355 1346 379 nt

1151 376 1219 388 ...
1288 371 1358 413 04
1426 376 1493 386 .-

635 482 823 544 Mich.
863 483 952 541 ΡΖ.
990 482 1251 540 Americ.
1341 481 1520 537 Flora
1566 472 2014 537 bareali-ame-

971 595 1421 672 ricanakauct.
1463 593 1650 651 Andr.
1687 594 2007 652 Michaux.

977 712 1133 764 Cum
1161 706 1393 764 tabulis
1423 707 1630 765 aeneis
1658 725 1753 777 51.
1833 713 2010 765 Tom.

971 826 1016 879 I.
1047 825 1126 878 ΙΙ.
1198 819 1379 878 Paris.
1427 836 1601 891 1305.
1648 820 1714 877 in
1744 838 1885 890 3VO.

639 935 914 997 [Woench.
947 933 1142 993 Mech.
1205 934 1545 992 Methodus
1577 935 1817 1012 plantas
1846 933 2015 991 horti

975 1048 1256 1106 botanici
1285 1063 1346 1105 et
1382 1049 1512 1128 agri
1538 1047 2014 1127 Marburgensis

977 1184 1009 1220 a
1053 1161 1396 1220 staminum
1437 1161 1564 1220 situ
1605 1161 2012 1231 describendi,

976 1290 1230 1334 auctore
1324 1275 1609 1334 Conrado
1713 1274 2013 1333 Effoench.

974 1388 1302 1468 IWarburgi
1336 1402 1511 1464 1794.
1561 1388 1632 1444 in
1662 1405 1801 1458 ssVO.

634 1501 918 1564 Moench.
955 1504 1164 1580 Suppl.
1242 1506 1426 1558 Conr.
1455 1502 1733 1559 Moench
1761 1499 2014 1577 Supple-

979 1630 1268 1674 mentum
1286 1615 1361 1671 ad
1383 1615 1752 1673 methodum
1768 1615 2014 1691 plantas

977 1751 1009 1787 a
1051 1729 1396 1787 staminum
1435 1729 1562 1785 situ
1597 1724 2007 1785 describendi.

975 1841 1302 1921 Marburgi
1340 1858 1513 1910 1302.
1561 1841 1632 1897 in
1661 1856 1799 1909 gvo-

633 1962 848 2022 Moris.
892 1960 1052 2019 Hist.
1143 1956 1503 2014 Plantarum
1536 1953 1831 2010 historiae
1870 1952 2008 2009 uni-

974 2069 1230 2128 versalis
1271 2066 1651 2126 Oxoniensis
1692 2072 1873 2124 Tom.
1919 2070 2013 2123 11-

967 2187 1076 2240 111.
1165 2187 1433 2239 Auctore
1484 2181 1638 2238 Rob.
1692 2180 2005 2238 Morison.

976 2303 1134 2354 Cum
1189 2295 1418 2352 tabulis
1473 2294 1695 2351 aeneis.
1802 2297 2005 2352 Oxon.

983 2412 1235 2496 1630-—
1259 2411 1432 2483 1699.
1478 2407 1548 2464 in
1573 2406 1756 2464 folio,

633 2529 835 2583 Murr.
873 2528 1037 2604 Syst.
1082 2528 1150 2581 V
1145 2544 1241 2604 eg.
1351 2527 1482 2579 Car.
1513 2543 1544 2578 a
1569 2516 1782 2578 Linne'
1808 2496 2009 2594 Sffste-

973 2657 1075 2695 ma
1103 2635 1576 2715 Vegetabilium.
1646 2634 1813 2702 Edit.
1842 2635 2007 2689 XIV.

975 2765 1229 2808 curante
1296 2754 1390 2814 J0.
1463 2749 1654 2808 Andr.
1725 2751 2004 2818 Murray.

974 2863 1255 2939 Gotting.
1296 2877 1470 2936 1734.
1515 2862 1588 2918 in-
1612 2877 1752 2930 avo·
