2232 3674
1090 323 1433 378 *δὴ

577 457 897 525 tamquam
987 444 1348 525 incognitae
1431 462 1952 525 proponerentur,

1782 380 1802 403 l

579 572 689 616 aut
739 578 1003 636 quarum
1053 560 1224 615 nulla
1266 559 1416 616 dum
1458 561 1534 616 ad
1569 581 1688 618 nos
1726 562 1969 619 notitia⁴

580 686 967 750 pervenerat,
1002 671 1069 727 in
1096 671 1543 749 descriptarum
1567 694 1830 730 numero
1855 675 1958 732 ha-

579 783 905 842 berentur:
956 805 1111 861 quae
1152 785 1403 862 quidem
1438 806 1643 843 rerum
1669 785 1958 845 confusio

581 897 652 955 in
696 898 1068 976 quibusdam
1107 899 1471 977 generibus,
1536 919 1593 957 v.
1636 919 1684 956 0.
1729 901 1958 966 Punico

586 1010 740 1068 adeo
783 1012 1077 1084 accrevit,
1146 1026 1218 1068 ut
1266 1033 1342 1070 ex
1389 1015 1509 1069 hoc
1561 1011 1741 1090 quasi
1790 1012 1962 1086 laby-

582 1124 809 1182 rintho.
827 1126 1063 1182 exitum
1092 1125 1386 1202 reperire,
1433 1127 1778 1183 Herculeus
1815 1107 1963 1183 sane

586 1237 764 1295 labor
816 1260 944 1297 esse
991 1239 1294 1296 videatur.
1385 1245 1523 1318 Quo
1586 1239 1817 1297 accedit
1867 1238 1964 1295 in-

589 1350 902 1408 credibilis
972 1371 1281 1409 novarum
1357 1365 1419 1409 et
1497 1352 1966 1432 incognitarum

587 1464 947 1540 plantarum
988 1465 1202 1540 copia,
1257 1485 1415 1543 quae
1470 1463 1753 1541 profecto
1793 1477 1968 1521 tanta

590 1589 715 1647 est,
783 1589 856 1633 ut
925 1576 998 1633 de
1063 1575 1228 1649 juste
1293 1576 1648 1634 adornanda
1706 1578 1970 1635 historia

586 1689 777 1766 plane
815 1690 991 1745 nulla
1036 1710 1173 1765 spes
1216 1690 1328 1761 sit,
1398 1690 1526 1747 nisi
1563 1704 1771 1746 totum
1809 1710 1971 1766 opus

592 1800 802 1858 denuo
866 1801 1229 1873 inchoetur,
1301 1800 1718 1880 firmiorique,
1783 1822 1974 1881 quam

591 1914 897 1971 hactenus
948 1913 1082 1971 fieri
1135 1915 1490 1986 consuevit,
1555 1913 1972 1974 fundamento

594 2041 1077 2104 superstruatur.
1168 2029 1350 2107 Quod
1391 2049 1535 2086 cum
1569 2027 1767 2086 facere
1797 2048 1978 2087 cona-

592 2161 720 2211 rer,
809 2161 943 2198 11011
1011 2155 1221 2199 tamen
1277 2144 1517 2199 nullam
1585 2142 1978 2219 superiorum

591 2274 882 2313 curarum
920 2255 1227 2313 rationem
1262 2255 1611 2313 habendam
1639 2275 1772 2314 esse
1803 2256 1974 2327 duxi,

598 2380 670 2425 ut
707 2367 920 2444 potius
962 2369 1169 2427 omnis
1210 2367 1439 2426 fuerim
1473 2369 1542 2426 in
1569 2368 1976 2448 congerendis

597 2481 1188 2560 comparandisque,
1291 2496 1606 2560 quotquot
1696 2481 1771 2539 de
1861 2483 1983 2540 hoc

600 2611 824 2671 genere
876 2609 1154 2668 exstant,
1209 2595 1779 2656 lucubrationibus.
1885 2600 1981 2653 Ne

601 2719 842 2777 autem,
931 2709 1197 2766 aliorum
1286 2729 1518 2768 errores
1591 2708 1979 2788 corrigendO,

595 2817 732 2896 ipse
760 2818 829 2878 in
856 2823 1145 2898 scopulos
1173 2822 1512 2882 inciderem
1537 2867 1554 2896 ,
1596 2823 1758 2881 hanc
1781 2822 1983 2901 legem
