2232 3674
736 405 805 417 --
875 390 976 437 9-07
1064 406 1128 417 .-

240 511 415 570 folia.
502 505 858 565 Delineatio
901 505 975 561 ac]
1006 509 1319 582 exemplar
1342 514 1608 573 Jauense

236 624 430 694 facta,
488 640 676 699 quam
729 618 1124 677 Clarissimus
1190 624 1423 679 Swartz
1483 646 1610 683 me-

239 757 380 795 cum
437 733 952 803 communicavit,
1016 733 1181 789 sistit
1229 735 1388 793 hanc
1438 740 1612 814 plan·

239 865 369 907 tam
394 849 591 906 tribus
630 846 816 923 spicis
857 846 1153 924 omnique
1182 851 1423 926 Paspali
1449 872 1614 910 scro-

238 963 495 1021 biculati
524 961 759 1017 habitu.

279 1047 286 1053 ἡ
364 1079 441 1130 ΙΙ.
491 1073 904 1143 Dubitabam,
944 1091 1023 1129 an
1064 1076 1395 1150 Paspalum
1434 1077 1611 1134 disti-

239 1189 425 1246 chum
459 1188 736 1246 Szvartzii
763 1191 922 1266 (pag.
973 1189 1135 1263 109.)
1177 1209 1429 1265 prorsus
1470 1198 1622 1248 con*

241 1316 418 1380 gruat
455 1322 596 1358 cum
634 1302 821 1356 altera
875 1300 1170 1358 varietate
1220 1305 1461 1379 Paspali
1512 1325 1619 1363 va-

241 1415 459 1494 ginati.
547 1420 683 1478 Jam
735 1413 1103 1471 Doctissimi
1151 1419 1429 1473 Swartzii
1477 1419 1627 1477 lite-.-

239 1550 340 1586 rae
396 1550 495 1586 me
547 1529 956 1598 edocuerunt,
1018 1547 1163 1585 casu
1210 1546 1342 1586 non
1392 1530 1614 1607 ipsam,

242 1663 433 1721 quam
499 1642 568 1698 in
638 1640 1197 1700 observationibus
1281 1643 1620 1722 descripse-

240 1770 335 1812 rat
426 1757 739 1832 plantam,
861 1755 967 1811 secl
1057 1756 1242 1812 aliam
1331 1759 1634 1830 (alteram-

238 1883 390 1946 puta
483 1868 726 1945 Paspali
830 1868 1114 1946 vaginati
1218 1871 1619 1945 varietatem)

242 1982 320 2040 ad
395 1981 823 2039 Clarissimum
917 1978 1209 2064 Mercens.
1297 1986 1620 2044 transmis-

240 2072 376 2154 sam
498 2093 711 2172 fuisse.
882 2100 977 2152 De
1099 2097 1212 2155 illo
1343 2102 1624 2157 Swartzii

245 2209 506 2285 Paspalo
562 2207 827 2266 disticho
893 2222 1100 2266 autem
1167 2211 1374 2269 omnis
1438 2213 1622 2272 dubi-

245 2322 401 2379 tatio
453 2335 693 2379 exemta
744 2335 867 2391 est,
959 2342 1103 2378 cum
1167 2344 1345 2382 verae
1396 2327 1626 2402 speciei

246 2437 590 2511 exemplar,
665 2436 738 2492 ab
804 2435 942 2512 ipso
1019 2438 1313 2496 ‹Swartzio
1377 2459 1645 2499 mecum..

248 2548 816 2618 communicatum,
904 2549 1084 2625 plane
1139 2551 1418 2623 evincat,
1490 2575 1624 2612 esse

248 2683 460 2720 meum
529 2663 859 2738 Paspalum
927 2677 1233 2721 notatum.
1340 2671 1648 2727 Ceterum.

250 2798 406 2854 quae
461 2796 594 2854 pag.
648 2779 777 2833 106.
826 2776 903 2832 ad
952 2774 1625 2839 describendam'hanc

248 2891 528 2967 plantam
555 2889 717 2961 dixi,
763 2910 935 2948 nunc
968 2890 1054 2948 ita
1094 2906 1362 2951 correcta
1405 2894 1619 2953 velim:
