2232 3674
737 397 803 406 -
876 378 976 432 ¹95
1046 398 1111 407 ..-

224 511 320 558 est
370 499 517 576 ¹plus
569 497 759 574 petite
810 518 927 574 que
974 491 1375 556 l’exte'rieure.
1475 500 1615 559 Elle

228 635 260 671 a
292 609 389 669 e'te'
414 611 725 672 recueillie
755 632 860 688 par
891 616 1276 669 Commerson
1308 609 1340 668 a
1360 616 1616 669 Monte-

225 727 441 787 Video,
534 727 735 783 Poirec
776 726 843 782 in
872 730 1020 782 Enc.
1068 724 1247 782 mech.
1291 730 1430 783 Boe.
1469 725 1611 784 Vol.

225 848 281 910 5'.
310 862 368 909 p.
407 857 501 909 31.
550 840 665 896 sub
691 840 948 915 Paspalo
977 838 1238 917 virgato.

223 957 330 1010 III.
390 954 645 1011 Walteri
682 953 1011 1027 Paspalum
1058 952 1370 1030 virgatum
1404 970 1437 1007 a
1467 970 1614 1009 nos-

305 1079 406 1122 tro
449 1064 929 1122 discernendum
959 1085 1119 1134 esse,
1186 1085 1320 1121 eam
1364 1065 1443 1121 ob
1473 1084 1614 1120 cau-

304 1198 438 1236 sam
488 1178 809 1255 probabile
867 1199 995 1236 esse
1060 1178 1341 1248 videtur,
1444 1177 1616 1255 quod.

304 1291 679 1351 Michausius
692 1293 758 1348 in
776 1294 957 1349 Flora
979 1292 1343 1348 Americana
1366 1291 1610 1348 nullam

302 1406 667 1482 posterioris
720 1407 1108 1463 mentionem
1152 1404 1378 1478 injicit.

217 1521 553 1596 Paspalum
606 1521 972 1599 (virgatam)
1033 1520 1199 1595 spica
1252 1517 1605 1594 composita

302 1633 565 1710 spiculis
616 1654 702 1691 ιο.
736 1632 780 1690 s.
817 1656 906 1691 11.
937 1632 1260 1702 secundis,
1319 1630 1597 1701 alterniS‚

297 1747 433 1803 basi
461 1747 738 1818 villosis,
789 1747 1008 1804 ordine
1034 1745 1456 1823 quadruplici,
1499 1764 1601 1820 pe-

297 1858 589 1917 dunculis
646 1858 914 1930 bifloris,
979 1861 1185 1916 culmo
1242 1860 1599 1924 suberect03

298 1973 615 2047 calycibus
686 1974 1081 2051 aequalibus,
1155 1970 1331 2028 foliis
1387 1960 1599 2048 longis

294 2087 887 2162 purpurascentibus
968 2087 1142 2142 intus
1207 2085 1284 2142 ad
1354 2063 1600 2140 faucem

297 2199 684 2258 subvillosiS.
742 2202 992 2260 [Walter.
1039 2200 1128 2257 Fl.
1166 2198 1367 2259 Carol.
1404 2219 1466 2276 p.
1498 2212 1598 2268 75.

334 2426 386 2485 >k
428 2426 728 2504 Paspalus
750 2424 1182 2484 scrobiculatus
1220 2456 1252 2499 7
1294 2435 1354 2480 et
1406 2431 1453 2484 δ.

335 2654 653 2726 Superest,
704 2663 777 2705 ut
815 2649 1047 2726 species
1086 2647 1389 2725 quasdam
1427 2665 1595 2704 com·

211 2783 587 2833 memorem,
646 2783 801 2841 quae
849 2762 1200 2820 uberiorem
1239 2761 1592 2818 desiderant

208 2876 797 2956 investigationem,
842 2890 981 2934 tum
1022 2895 1276 2954 quoque
1316 2873 1595 2932 nonnula

978 2995 1037 3047 N
1065 3009 1099 3047 2
