2232 3674
1118 385 1458 420 ..10—

602 502 952 562 luculenter
981 514 1294 577 appareret
1310 521 1328 568 3
1361 500 1531 578 quod
1558 501 1609 558 si
1634 521 1766 559 non
1782 501 1973 560 ‘omni

604 637 680 675 ex
755 630 923 693 parte
993 610 1194 684 effeci,
1264 614 1332 670 in
1402 628 1756 691 posterum,
1816 635 1972 692 quae

603 731 1058 799 desiderantur,
1148 727 1486 804 suppleb0‚
1575 741 1646 784 ut
1700 729 1971 804 plurium

600 845 1035 921 exemplorum
1088 862 1118 898 e
1156 841 1343 899 variis
1384 841 1744 920 regionibus
1787 842 1970 920 copia

598 959 754 1016 mihi
790 957 1053 1014 dabitur.

722 1071 936 1148 Operis
988 1069 1245 1125 initium
1294 1067 1415 1126 feci
1467 1088 1498 1124 a
1550 1067 1968 1144 descriptione

595 1190 904 1244 Generum
952 1184 1197 1259 Paspali
1248 1198 1306 1239 et
1351 1182 1717 1251 Reimariae,
1780 1201 1968 1258 quam

593 1299 806 1357 Panici
854 1312 914 1355 et
955 1296 1214 1355 Cenchri
1265 1296 1596 1372 descriptio
1651 1308 1963 1372 sequetur,

590 1427 661 1469 ut
698 1413 970 1488 primum
1010 1411 1082 1467 de
1121 1410 1397 1467 obscuris
1446 1409 1689 1486 aliquot
1739 1409 1966 1484 specie-

590 1527 708 1584 bus
761 1525 981 1582 certior
1033 1524 1191 1580 ratio
1243 1523 1570 1579 constabit.
1681 1522 1960 1594 Interim,

591 1641 645 1697 si
680 1639 806 1725 ⁹qui
853 1652 1031 1707 sunt,
1094 1637 1202 1714 qui
1253 1636 1508 1713 cupiant
1559 1636 1666 1695 has
1720 1637 1963 1712 plantas

559 1773 995 1831 ‚cognoscerffi
1099 1750 1177 1806 iis
1259 1769 1440 1825 opera
1533 1769 1666 1806 mea
1752 1762 1963 1824 parata

589 1867 705 1924 erit
783 1867 851 1922 in
930 1863 1381 1940 componendis
1467 1860 1963 1940 definiendisque

592 1980 944 2059 graminum
974 2024 989 2050 ‚
1079 1997 1234 2054 quae
1315 1976 1490 2046 dixi,
1575 1975 1963 2033 collectioni-

586 2096 723 2152 bus.
813 2098 1011 2172 Quam
1047 2091 1195 2146 dum
1241 2090 1319 2148 iis
1370 2085 1593 2160 offero,
1655 2089 1959 2148 maximas

588 2227 739 2285 quas
779 2225 1040 2283 possum
1083 2203 1306 2282 gratias
1346 2223 1460 2282 ago
1489 2203 1652 2263 Viris
1693 2204 1960 2279 praecla-

584 2320 843 2378 rissimis
894 2333 954 2376 et
1007 2317 1431 2388 amicissimis,
1492 2316 1775 2394 quitum
1814 2320 1959 2374 Mu-

585 2453 832 2492 seorum
869 2431 1304 2489 botanicorum
1348 2442 1600 2487 usuram
1638 2430 1959 2488 humanis-

584 2548 738 2604 sime
777 2546 935 2603 mihi
983 2558 1448 2615 concesserunt,
1480 2554 1647 2600 ‘tum
1696 2542 1959 2622 peregri-

580 2675 839 2717 nantem
867 2680 966 2716 me
995 2658 1277 2716 doctrina
1306 2672 1366 2715 et
1392 2658 1566 2716 vario
1605 2655 1957 2714 officiorum

585 2793 807 2850 genere
846 2787 1166 2829 ornarunt.
1256 2776 1400 2836 Jure
1454 2791 1593 2828 meo
1644 2771 1842 2827 laetor
1881 2767 1957 2825 de

581 2899 758 2943 tanto
786 2884 1394 2962 Spectatissimorum
1430 2898 1490 2941 et
1513 2880 1955 2962 Ingeniosissi-
